@inproceedings{todo,
  Author = {FINISH THIS},
  Booktitle = {ACTUALLY NEED TO CITE},
  Month = {August},
  Title = {FINISH THIS CITATION},
  Year = {2007}
}
@inproceedings{calico1,
 author = {Mangano, Nicolas and Baker, Alex and Dempsey, Mitch and Navarro, Emily and van der Hoek, Andr{\'e}},
 title = {Software design sketching with calico},
 booktitle = {Proceedings of the IEEE/ACM international conference on Automated software engineering},
 series = {ASE '10},
 year = {2010},
 isbn = {978-1-4503-0116-9},
 location = {Antwerp, Belgium},
 pages = {23--32},
 numpages = {10},
 url = {http://doi.acm.org/10.1145/1858996.1859003},
 doi = {10.1145/1858996.1859003},
 acmid = {1859003},
 publisher = {ACM},
 address = {New York, NY, USA},
 keywords = {calico, creative exploration, design, electronic whiteboard, informal drawing, sketching, software design},
} 

@inproceedings{calico2,
 author = {Mangano, Nicolas and Baker, Alex and van der Hoek, Andr{\'e}},
 title = {Calico: a prototype sketching tool for modeling in early design},
 booktitle = {Proceedings of the 2008 international workshop on Models in software engineering},
 series = {MiSE '08},
 year = {2008},
 isbn = {978-1-60558-025-8},
 location = {Leipzig, Germany},
 pages = {63--68},
 numpages = {6},
 url = {http://doi.acm.org/10.1145/1370731.1370747},
 doi = {10.1145/1370731.1370747},
 acmid = {1370747},
 publisher = {ACM},
 address = {New York, NY, USA},
 keywords = {creativity, early design, modeling, sketching, software},
} 

@book{firewalls,
 author = {Zwicky, Elizabeth D. and Cooper, Simon and Chapman, D. Brent},
 title = {Building Internet firewalls (2nd ed.)},
 year = {2000},
 isbn = {1-56592-871-7},
 publisher = {O'Reilly \& Associates, Inc.},
 address = {Sebastopol, CA, USA},
} 

@book{network,
 author = {Hunt, Craig},
 title = {TCP/IP network administration},
 year = {1992},
 isbn = {0-937175-82-X},
 publisher = {O'Reilly \& Associates, Inc.},
 address = {Sebastopol, CA, USA},
} 

% Half-life packet design (inspiration for packets)
